<?xml version="1.0" encoding="UTF-8"?><collection xmlns="http://www.loc.gov/MARC21/slim"><record><leader>00361nam--2200133-i-4500</leader><controlfield tag="001">000029394</controlfield><controlfield tag="002">20161230</controlfield><controlfield tag="005">20161230201037</controlfield><controlfield tag="008">060222s1000------------r-----000-0-eng-d</controlfield><datafield ind1=" " ind2=" " tag="080"><subfield code="a">621.375.826</subfield></datafield><datafield ind1=" " ind2=" " tag="245"><subfield code="a">Laser-assisted modification and synthesis of materials</subfield></datafield><datafield ind1=" " ind2=" " tag="260"><subfield code="a">Sofia, Sofia University Kl. Okhridski, 1985, 250p</subfield></datafield><datafield ind1=" " ind2=" " tag="700"><subfield code="a">Metev, S</subfield></datafield><datafield ind1=" " ind2=" " tag="852"><subfield code="a">72624</subfield></datafield></record></collection>